@article{hartree_1937, title={On an equation occurring in Falkner and Skan's approximate treatment of the equations of the boundary layer}, volume={33}, DOI={10.1017/S0305004100019575}, number={2}, journal={Mathematical Proceedings of the Cambridge Philosophical Society}, publisher={Cambridge University Press}, author={Hartree, D. R.}, year={1937}, pages={223â€“239}}